
@article{medan2017reduced,
  title={Reduced-dose imageless needle and patient tracking in interventional {CT} procedures},
  author={Medan, G and Joskowicz, L},
  journal={IEEE transactions on medical imaging},
  volume={36},
  number={12},
  pages={2449--2456},
  year={2017},
  publisher={IEEE}
}

@article{medan2017sparse,
  title={Sparse 3D radon space rigid registration of {CT} scans: Method and validation study},
  author={Medan, Guy and Shamul, N and Joskowicz, Leo},
  journal={IEEE transactions on medical imaging},
  volume={36},
  number={2},
  pages={497--506},
  year={2017},
  publisher={IEEE}
}

@inproceedings{huo2015shape,
  title={Shape reconstruction and attitude estimation of bevel-tip needle via CT-guidance},
  author={Huo, Benyan and Zhao, Xingang and Han, Jianda and Xu, Weiliang},
  booktitle={Robotics and Biomimetics (ROBIO), 2015 IEEE International Conference on},
  pages={620--625},
  year={2015},
  organization={IEEE}
}

@inproceedings{wu2013automatic,
  title={Automatic Steering of Manually Inserted Needles},
  author={Wu, Guofan and Li, Xiao and Lehocky, Craig A and Riviere, Cameron N},
  booktitle={Systems, Man, and Cybernetics (SMC), 2013 IEEE International Conference on},
  pages={1488--1493},
  year={2013},
  organization={IEEE}
}

@article{engh2010percutaneous,
  title={Percutaneous intracerebral navigation by duty-cycled spinning of flexible bevel-tipped needles},
  author={Engh, Johnathan A and Minhas, Davneet S and Kondziolka, Douglas and Riviere, Cameron N},
  journal={Neurosurgery},
  volume={67},
  number={4},
  pages={1117--1123},
  year={2010},
  publisher={Oxford University Press}
}

@article
{yaniv2010needle,
  title={Needle-based interventions with the image-guided surgery toolkit (IGSTK): From phantoms to clinical trials},
  author={Yaniv, Ziv and Cheng, Patrick and Wilson, Emmanuel and Popa, Teo and Lindisch, David and Campos-Nanez, Enrique and Abeledo, Hernan and Watson, Vance and Cleary, Kevin and Banovac, Filip},
  journal={IEEE Transactions on Biomedical Engineering},
  volume={57},
  number={4},
  pages={922--933},
  year={2010},
  publisher={IEEE}
}

@article{ben2018robotic,
  title={Evaluation of a CT-Guided Robotic System for Precise Percutaneous Needle Insertion},
  author={Ben-David, Eliel and Shochat, Moran and Roth, Ido and Nissenbaum, Isaac and Sosna, Jacob and Goldberg, S Nahum},
  journal={Journal of Vascular and Interventional Radiology},
  year={2018},
  publisher={Elsevier}
}

@article{glozman2007image,
  title={Image-guided robotic flexible needle steering},
  author={Glozman, Daniel and Shoham, Moshe},
  journal={IEEE Transactions on Robotics},
  volume={23},
  number={3},
  pages={459--467},
  year={2007},
  publisher={IEEE}
}